[gd_scene load_steps=6 format=2]

[ext_resource path="res://gravi-base/jogador/jogador.gd" type="Script" id=1]
[ext_resource path="res://gravi-base/jogador/oculus_rift/oculus.gltf" type="PackedScene" id=2]
[ext_resource path="res://gravi-base/jogador/mao/mao_esquerda.tscn" type="PackedScene" id=3]
[ext_resource path="res://gravi-base/jogador/mao/mao_direita.tscn" type="PackedScene" id=4]
[ext_resource path="res://gravi-base/funcionalidades/movimentacao.tscn" type="PackedScene" id=5]

[node name="Jogador" type="ARVROrigin"]
script = ExtResource( 1 )

[node name="ARVRCamera" type="ARVRCamera" parent="."]
transform = Transform( 1, 0, 0, 0, 1, 0, 0, 0, 1, 0, 1.5, 0 )
cull_mask = 1048571
current = true

[node name="Oculus_Rift" parent="ARVRCamera" instance=ExtResource( 2 )]
editor/display_folded = true
transform = Transform( -1, 0, 0, 0, 1, 0, 0, 0, -1, 0, 0, 0 )

[node name="Alças" parent="ARVRCamera/Oculus_Rift" index="0"]
layers = 4

[node name="Exterior" parent="ARVRCamera/Oculus_Rift" index="1"]
layers = 4

[node name="Interior" parent="ARVRCamera/Oculus_Rift" index="2"]
layers = 4

[node name="Suporte_Fone" parent="ARVRCamera/Oculus_Rift" index="3"]
layers = 4

[node name="Espumas" parent="ARVRCamera/Oculus_Rift" index="4"]
layers = 4

[node name="Frente" parent="ARVRCamera/Oculus_Rift" index="5"]
layers = 4

[node name="Lentes" parent="ARVRCamera/Oculus_Rift" index="6"]
layers = 4

[node name="MaoEsquerda" parent="." instance=ExtResource( 3 )]

[node name="MaoDireita" parent="." instance=ExtResource( 4 )]

[node name="Movimentação" parent="." instance=ExtResource( 5 )]
maximumSpeed = 0.8
enableCollision = false

[editable path="ARVRCamera/Oculus_Rift"]
