[gd_scene load_steps=12 format=2]

[ext_resource path="res://gravi-base/itens/painel_instrucoes/tela_instrucoes.gd" type="Script" id=1]
[ext_resource path="res://gravi-base/itens/painel_instrucoes/transicao_lateral.shader" type="Shader" id=2]
[ext_resource path="res://gravi-base/fontes/FiraSans-Regular.otf" type="DynamicFontData" id=3]
[ext_resource path="res://gravi-base/imagens/mao_fechando_spritesheet.png" type="Texture" id=4]

[sub_resource type="StyleBoxFlat" id=1]
bg_color = Color( 0, 0, 0, 0 )

[sub_resource type="ShaderMaterial" id=2]
shader = ExtResource( 2 )
shader_param/limite_x = 0.0
shader_param/tamanho_rastro = 0.0

[sub_resource type="DynamicFont" id=3]
size = 30
font_data = ExtResource( 3 )

[sub_resource type="Animation" id=4]
tracks/0/type = "value"
tracks/0/path = NodePath("Line2D_topo:position")
tracks/0/interp = 1
tracks/0/loop_wrap = true
tracks/0/imported = false
tracks/0/enabled = true
tracks/0/keys = {
"times": PoolRealArray( 0, 0.4 ),
"transitions": PoolRealArray( 1, 1 ),
"update": 0,
"values": [ Vector2( 780, 20 ), Vector2( 20, 20 ) ]
}
tracks/1/type = "value"
tracks/1/path = NodePath("Line2D_topo:scale")
tracks/1/interp = 1
tracks/1/loop_wrap = true
tracks/1/imported = false
tracks/1/enabled = true
tracks/1/keys = {
"times": PoolRealArray( 0, 0.4 ),
"transitions": PoolRealArray( 1, 1 ),
"update": 0,
"values": [ Vector2( 1e-005, 1 ), Vector2( 1, 1 ) ]
}
tracks/2/type = "value"
tracks/2/path = NodePath("Line2D_topo_quina:scale")
tracks/2/interp = 1
tracks/2/loop_wrap = true
tracks/2/imported = false
tracks/2/enabled = true
tracks/2/keys = {
"times": PoolRealArray( 0, 0.4, 0.6 ),
"transitions": PoolRealArray( 1, 1, 1 ),
"update": 0,
"values": [ Vector2( 1, 1e-005 ), Vector2( 1, 1e-005 ), Vector2( 1, 1 ) ]
}
tracks/3/type = "value"
tracks/3/path = NodePath("ColorRect:modulate")
tracks/3/interp = 1
tracks/3/loop_wrap = true
tracks/3/imported = false
tracks/3/enabled = true
tracks/3/keys = {
"times": PoolRealArray( 0, 0.2, 0.8 ),
"transitions": PoolRealArray( 1, 3.605, 1 ),
"update": 0,
"values": [ Color( 1, 1, 1, 0 ), Color( 1, 1, 1, 0 ), Color( 1, 1, 1, 1 ) ]
}
tracks/4/type = "value"
tracks/4/path = NodePath("Line2D_base_quina:scale")
tracks/4/interp = 1
tracks/4/loop_wrap = true
tracks/4/imported = false
tracks/4/enabled = true
tracks/4/keys = {
"times": PoolRealArray( 0, 0.4, 0.6 ),
"transitions": PoolRealArray( 1, 1, 1 ),
"update": 0,
"values": [ Vector2( 1, 1e-005 ), Vector2( 1, 1e-005 ), Vector2( 1, 1 ) ]
}
tracks/5/type = "value"
tracks/5/path = NodePath("Line2D_base:scale")
tracks/5/interp = 1
tracks/5/loop_wrap = true
tracks/5/imported = false
tracks/5/enabled = true
tracks/5/keys = {
"times": PoolRealArray( 0, 0.4 ),
"transitions": PoolRealArray( 1, 1 ),
"update": 0,
"values": [ Vector2( 1e-005, 1 ), Vector2( 1, 1 ) ]
}
tracks/6/type = "value"
tracks/6/path = NodePath("Line2D_topo_quina:points")
tracks/6/interp = 1
tracks/6/loop_wrap = true
tracks/6/imported = false
tracks/6/enabled = true
tracks/6/keys = {
"times": PoolRealArray( 0 ),
"transitions": PoolRealArray( 1 ),
"update": 1,
"values": [ PoolVector2Array( 0, 0, 0, 70 ) ]
}
tracks/7/type = "value"
tracks/7/path = NodePath("Line2D_base_quina:points")
tracks/7/interp = 1
tracks/7/loop_wrap = true
tracks/7/imported = false
tracks/7/enabled = true
tracks/7/keys = {
"times": PoolRealArray( 0 ),
"transitions": PoolRealArray( 1 ),
"update": 1,
"values": [ PoolVector2Array( 760, 0, 760, -70 ) ]
}
tracks/8/type = "value"
tracks/8/path = NodePath("Line2D_base:position")
tracks/8/interp = 1
tracks/8/loop_wrap = true
tracks/8/imported = false
tracks/8/enabled = true
tracks/8/keys = {
"times": PoolRealArray( 0 ),
"transitions": PoolRealArray( 1 ),
"update": 0,
"values": [ Vector2( 20, 380 ) ]
}
tracks/9/type = "value"
tracks/9/path = NodePath("Line2D_base_quina:position")
tracks/9/interp = 1
tracks/9/loop_wrap = true
tracks/9/imported = false
tracks/9/enabled = true
tracks/9/keys = {
"times": PoolRealArray( 0 ),
"transitions": PoolRealArray( 1 ),
"update": 0,
"values": [ Vector2( 20, 380 ) ]
}
tracks/10/type = "value"
tracks/10/path = NodePath("Line2D_topo_quina:position")
tracks/10/interp = 1
tracks/10/loop_wrap = true
tracks/10/imported = false
tracks/10/enabled = true
tracks/10/keys = {
"times": PoolRealArray( 0 ),
"transitions": PoolRealArray( 1 ),
"update": 0,
"values": [ Vector2( 20, 20 ) ]
}
tracks/11/type = "value"
tracks/11/path = NodePath(".:visible")
tracks/11/interp = 1
tracks/11/loop_wrap = true
tracks/11/imported = false
tracks/11/enabled = true
tracks/11/keys = {
"times": PoolRealArray( 0 ),
"transitions": PoolRealArray( 1 ),
"update": 1,
"values": [ true ]
}

[sub_resource type="Animation" id=5]
tracks/0/type = "value"
tracks/0/path = NodePath("Line2D_base:position")
tracks/0/interp = 1
tracks/0/loop_wrap = true
tracks/0/imported = false
tracks/0/enabled = true
tracks/0/keys = {
"times": PoolRealArray( 0, 0.5 ),
"transitions": PoolRealArray( 1, 1 ),
"update": 0,
"values": [ Vector2( 20, 380 ), Vector2( 780, 380 ) ]
}
tracks/1/type = "value"
tracks/1/path = NodePath("Line2D_base:scale")
tracks/1/interp = 1
tracks/1/loop_wrap = true
tracks/1/imported = false
tracks/1/enabled = true
tracks/1/keys = {
"times": PoolRealArray( 0, 0.5 ),
"transitions": PoolRealArray( 1, 1 ),
"update": 0,
"values": [ Vector2( 1, 1 ), Vector2( 1e-005, 1 ) ]
}
tracks/2/type = "value"
tracks/2/path = NodePath("Line2D_base_quina:position")
tracks/2/interp = 1
tracks/2/loop_wrap = true
tracks/2/imported = false
tracks/2/enabled = true
tracks/2/keys = {
"times": PoolRealArray( 0, 0.5, 0.8 ),
"transitions": PoolRealArray( 1, 1, 1 ),
"update": 0,
"values": [ Vector2( 20, 380 ), Vector2( 20, 380 ), Vector2( 20, 20 ) ]
}
tracks/3/type = "value"
tracks/3/path = NodePath("Line2D_base_quina:scale")
tracks/3/interp = 1
tracks/3/loop_wrap = true
tracks/3/imported = false
tracks/3/enabled = true
tracks/3/keys = {
"times": PoolRealArray( 0, 0.5, 0.8 ),
"transitions": PoolRealArray( 1, 1, 1 ),
"update": 0,
"values": [ Vector2( 1, 0.194 ), Vector2( 1, 1 ), Vector2( 1, 1e-005 ) ]
}
tracks/4/type = "value"
tracks/4/path = NodePath("Line2D_topo:position")
tracks/4/interp = 1
tracks/4/loop_wrap = true
tracks/4/imported = false
tracks/4/enabled = true
tracks/4/keys = {
"times": PoolRealArray( 0, 0.5 ),
"transitions": PoolRealArray( 1, 1 ),
"update": 0,
"values": [ Vector2( 20, 20 ), Vector2( 20, 20 ) ]
}
tracks/5/type = "value"
tracks/5/path = NodePath("Line2D_topo:scale")
tracks/5/interp = 1
tracks/5/loop_wrap = true
tracks/5/imported = false
tracks/5/enabled = true
tracks/5/keys = {
"times": PoolRealArray( 0, 0.5 ),
"transitions": PoolRealArray( 1, 1 ),
"update": 0,
"values": [ Vector2( 1, 1 ), Vector2( 1e-005, 1 ) ]
}
tracks/6/type = "value"
tracks/6/path = NodePath("Line2D_topo_quina:position")
tracks/6/interp = 1
tracks/6/loop_wrap = true
tracks/6/imported = false
tracks/6/enabled = true
tracks/6/keys = {
"times": PoolRealArray( 0, 0.5, 0.8 ),
"transitions": PoolRealArray( 1, 1, 1 ),
"update": 0,
"values": [ Vector2( 20, 20 ), Vector2( 20, 20 ), Vector2( 20, 380 ) ]
}
tracks/7/type = "value"
tracks/7/path = NodePath("Line2D_topo_quina:scale")
tracks/7/interp = 1
tracks/7/loop_wrap = true
tracks/7/imported = false
tracks/7/enabled = true
tracks/7/keys = {
"times": PoolRealArray( 0, 0.5, 0.8 ),
"transitions": PoolRealArray( 1, 1, 1 ),
"update": 0,
"values": [ Vector2( 1, 0.194 ), Vector2( 1, 1 ), Vector2( 1, 1e-005 ) ]
}
tracks/8/type = "value"
tracks/8/path = NodePath("ColorRect:modulate")
tracks/8/interp = 1
tracks/8/loop_wrap = true
tracks/8/imported = false
tracks/8/enabled = true
tracks/8/keys = {
"times": PoolRealArray( 0, 0.3 ),
"transitions": PoolRealArray( 1, 1 ),
"update": 0,
"values": [ Color( 1, 1, 1, 1 ), Color( 1, 1, 1, 0 ) ]
}
tracks/9/type = "value"
tracks/9/path = NodePath("Line2D_base_quina:points")
tracks/9/interp = 1
tracks/9/loop_wrap = true
tracks/9/imported = false
tracks/9/enabled = true
tracks/9/keys = {
"times": PoolRealArray( 0 ),
"transitions": PoolRealArray( 1 ),
"update": 1,
"values": [ PoolVector2Array( 760, 0, 760, -360 ) ]
}
tracks/10/type = "value"
tracks/10/path = NodePath("Line2D_topo_quina:points")
tracks/10/interp = 1
tracks/10/loop_wrap = true
tracks/10/imported = false
tracks/10/enabled = true
tracks/10/keys = {
"times": PoolRealArray( 0 ),
"transitions": PoolRealArray( 1 ),
"update": 1,
"values": [ PoolVector2Array( 0, 0, 0, 360 ) ]
}
tracks/11/type = "value"
tracks/11/path = NodePath("Sprite:visible")
tracks/11/interp = 1
tracks/11/loop_wrap = true
tracks/11/imported = false
tracks/11/enabled = true
tracks/11/keys = {
"times": PoolRealArray( 0, 1 ),
"transitions": PoolRealArray( 1, 1 ),
"update": 1,
"values": [ false, false ]
}
tracks/12/type = "value"
tracks/12/path = NodePath("feche_a_mao:visible")
tracks/12/interp = 1
tracks/12/loop_wrap = true
tracks/12/imported = false
tracks/12/enabled = true
tracks/12/keys = {
"times": PoolRealArray( 0, 1 ),
"transitions": PoolRealArray( 1, 1 ),
"update": 1,
"values": [ false, false ]
}
tracks/13/type = "value"
tracks/13/path = NodePath(".:visible")
tracks/13/interp = 1
tracks/13/loop_wrap = true
tracks/13/imported = false
tracks/13/enabled = true
tracks/13/keys = {
"times": PoolRealArray( 1 ),
"transitions": PoolRealArray( 1 ),
"update": 1,
"values": [ false ]
}

[sub_resource type="Animation" id=6]
step = 0.05
tracks/0/type = "value"
tracks/0/path = NodePath("ColorRect/texto_principal:material:shader_param/limite_x")
tracks/0/interp = 1
tracks/0/loop_wrap = true
tracks/0/imported = false
tracks/0/enabled = true
tracks/0/keys = {
"times": PoolRealArray( 0, 0.45, 0.5, 1 ),
"transitions": PoolRealArray( 1, 4.46804e-005, 1, 1 ),
"update": 0,
"values": [ 0.0, 240.0, -0.1, -240.0 ]
}
tracks/1/type = "method"
tracks/1/path = NodePath(".")
tracks/1/interp = 1
tracks/1/loop_wrap = true
tracks/1/imported = false
tracks/1/enabled = true
tracks/1/keys = {
"times": PoolRealArray( 0.45 ),
"transitions": PoolRealArray( 1 ),
"values": [ {
"args": [  ],
"method": "_trocar_texto_principal"
} ]
}

[sub_resource type="Animation" id=7]
length = 2.0
loop = true
tracks/0/type = "value"
tracks/0/path = NodePath("feche_a_mao:self_modulate")
tracks/0/interp = 1
tracks/0/loop_wrap = true
tracks/0/imported = false
tracks/0/enabled = true
tracks/0/keys = {
"times": PoolRealArray( 0, 1, 2 ),
"transitions": PoolRealArray( 1, 1, 1 ),
"update": 0,
"values": [ Color( 0.4375, 0.428955, 0.428955, 1 ), Color( 1, 1, 1, 1 ), Color( 0.435294, 0.427451, 0.427451, 1 ) ]
}
tracks/1/type = "value"
tracks/1/path = NodePath("Sprite:frame")
tracks/1/interp = 1
tracks/1/loop_wrap = true
tracks/1/imported = false
tracks/1/enabled = true
tracks/1/keys = {
"times": PoolRealArray( 0, 0.5, 1, 1.5 ),
"transitions": PoolRealArray( 1, 0, 1, 0 ),
"update": 0,
"values": [ 0, 5, 0, 5 ]
}

[node name="tela_instrucoes" type="Panel"]
margin_right = 800.0
margin_bottom = 400.0
custom_styles/panel = SubResource( 1 )
script = ExtResource( 1 )

[node name="ColorRect" type="ColorRect" parent="."]
anchor_right = 1.0
anchor_bottom = 1.0
color = Color( 0, 0, 0, 1 )

[node name="texto_principal" type="RichTextLabel" parent="ColorRect"]
material = SubResource( 2 )
anchor_right = 1.0
anchor_bottom = 1.0
margin_left = 60.0
margin_top = 60.0
margin_right = -60.0
margin_bottom = -60.0
custom_fonts/normal_font = SubResource( 3 )
custom_colors/default_color = Color( 1, 1, 1, 1 )
bbcode_enabled = true

[node name="Line2D_topo" type="Line2D" parent="."]
position = Vector2( 20, 20 )
points = PoolVector2Array( 760, 0, 0, 0 )
width = 5.0
default_color = Color( 0.176471, 0.729412, 0.129412, 1 )
texture_mode = 1052013652
begin_cap_mode = 1
end_cap_mode = 1

[node name="Line2D_topo_quina" type="Line2D" parent="."]
position = Vector2( 20, 20 )
points = PoolVector2Array( 0, 0, 0, 70 )
width = 5.0
default_color = Color( 0.176471, 0.729412, 0.129412, 1 )
texture_mode = 429625461
begin_cap_mode = 1
end_cap_mode = 1

[node name="Line2D_base" type="Line2D" parent="."]
position = Vector2( 20, 380 )
points = PoolVector2Array( 0, 0, 760, 0 )
width = 5.0
default_color = Color( 0.176471, 0.729412, 0.129412, 1 )
texture_mode = -588873456
begin_cap_mode = 1
end_cap_mode = 1

[node name="Line2D_base_quina" type="Line2D" parent="."]
position = Vector2( 20, 380 )
points = PoolVector2Array( 760, 0, 760, -70 )
width = 5.0
default_color = Color( 0.176471, 0.729412, 0.129412, 1 )
texture_mode = -868945856
begin_cap_mode = 1
end_cap_mode = 1

[node name="Sprite" type="Sprite" parent="."]
visible = false
modulate = Color( 0.733333, 0.509804, 0.313726, 1 )
position = Vector2( 730, 340 )
texture = ExtResource( 4 )
hframes = 6

[node name="feche_a_mao" type="Label" parent="."]
visible = false
self_modulate = Color( 0.4375, 0.428955, 0.428955, 1 )
margin_left = 60.0
margin_top = 335.0
margin_right = 360.0
margin_bottom = 349.0
rect_scale = Vector2( 2, 2 )
text = "Feche a mão para esta mensagem desaparecer"

[node name="AnimationPlayer" type="AnimationPlayer" parent="."]
anims/Aparecer = SubResource( 4 )
anims/Desaparecer = SubResource( 5 )
anims/TrocarTexto = SubResource( 6 )

[node name="AnimationPlayer_feche_a_mao" type="AnimationPlayer" parent="."]
autoplay = "Piscar texto como fechar"
"anims/Piscar texto como fechar" = SubResource( 7 )
[connection signal="animation_finished" from="AnimationPlayer" to="." method="_on_AnimationPlayer_animation_finished"]
